@Book{Greenwood,
	author = {Bellifemine, Fabio Luigi and Caire, Giovanni and Greenwood, Dominic},
	title = {Developing Multi-Agent Systems with JADE (Wiley Series in Agent Technology)},
	year = {2007},
	isbn = {0470057475},
	publisher = {John Wiley \& Sons},
}

@Book{Wooldridge,
 author = {Wooldridge, Michael},
 title = {An Introduction to MultiAgent Systems},
 year = {2009},
 isbn = {0470519460, 9780470519462},
 edition = {2nd},
 publisher = {Wiley Publishing},
}  